<record><leader>00000cas a2200000 a 4500</leader><controlfield tag="001">13740875</controlfield><controlfield tag="008">860617d19001901mouwr ne      0    0eng d</controlfield><datafield ind1=" " ind2=" " tag="010"><subfield code="a">sn 86063673 </subfield></datafield><datafield ind1=" " ind2=" " tag="040"><subfield code="a">KSH</subfield><subfield code="b">eng</subfield><subfield code="c">KSH</subfield><subfield code="d">NPT</subfield><subfield code="d">MQN</subfield><subfield code="d">OCL</subfield><subfield code="d">OCLCQ</subfield></datafield><datafield ind1=" " ind2=" " tag="042"><subfield code="a">msc</subfield></datafield><datafield ind1="0" ind2="0" tag="245"><subfield code="a">St. Joseph weekly gazette-herald.</subfield></datafield><datafield ind1="3" ind2="0" tag="246"><subfield code="a">Saint Joseph weekly gazette herald</subfield></datafield><datafield ind1="3" ind2="0" tag="246"><subfield code="a">Weekly gazette-herald</subfield></datafield><datafield ind1=" " ind2=" " tag="260"><subfield code="a">St. Joseph, Mo. :</subfield><subfield code="b">Gazette-Herald Pub. Co.,</subfield><subfield code="c">1900-1901.</subfield></datafield><datafield ind1=" " ind2=" " tag="300"><subfield code="a">v.</subfield></datafield><datafield ind1=" " ind2=" " tag="310"><subfield code="a">Weekly</subfield></datafield><datafield ind1="0" ind2=" " tag="362"><subfield code="a">Vol. 110, no. 1 (Aug. 9, 1900)-v. 110, no. 51 (Mar. 7, 1901).</subfield></datafield><datafield ind1=" " ind2=" " tag="500"><subfield code="a">Published as: Weekly gazette-herald, Aug. 23-Nov. 22, 1900.</subfield></datafield><datafield ind1=" " ind2="4" tag="651"><subfield code="a">Saint Joseph (Mo.)</subfield><subfield code="v">Newspapers.</subfield></datafield><datafield ind1=" " ind2=" " tag="752"><subfield code="a">United States</subfield><subfield code="b">Missouri</subfield><subfield code="c">Buchanan</subfield><subfield code="d">Saint Joseph.</subfield></datafield><datafield ind1="0" ind2=" " tag="775"><subfield code="t">St. Joseph gazette-herald</subfield><subfield code="w">(DLC)sn 86063680</subfield></datafield><datafield ind1="0" ind2="4" tag="780"><subfield code="t">St. Joseph weekly gazette (Saint Joseph, Mo. : 1878)</subfield><subfield code="w">(DLC)sn 86063679</subfield></datafield><datafield ind1="0" ind2="4" tag="780"><subfield code="t">St. Joseph weekly herald (Saint Joseph, Mo. : 1882)</subfield><subfield code="w">(DLC)sn 86063677</subfield></datafield><datafield ind1="0" ind2="0" tag="785"><subfield code="t">St. Joseph gazette (Saint Joseph, Mo. : 1902 : Weekly)</subfield><subfield code="w">(DLC)sn 86063681</subfield></datafield><datafield ind1="1" ind2=" " tag="029"><subfield code="a">AU@</subfield><subfield code="b">000022168762</subfield></datafield></record>